@article{shearer08,
  title={Rockets: Educator's Guide with Activities in Science, Technology, Engineering and Mathematics.},
  author={Shearer, Deborah A and Vogt, Gregory L},
  journal={National Aeronautics and Space Administration (NASA)},
  year={2008},
  publisher={ERIC}
}

@article{cristello17,
  title={Otimiza{\c{c}}{\~a}o de Motores com Combust{\'\i}vel S{\'o}lido para Minifoguetes},
  author={Cristello, Josmar Baruffaldi and Mendes, Rafael de Moura Ferreira},
  year={2017.}
}

@book{knacke92,
  title="Parachute recovery systems: design manual",
  author="Knacke, Theo W",
  year="1992.",
  publisher="Para Pub."
}

@book{Dijkstra71,
title = "A short introduction to the art of programming",
author = "E.W. Dijkstra",
year = "1971",
language = "English",
series = "EWD",
publisher = "Technische Hogeschool Eindhoven",
}

@article{miranda21,
  title={Desenvolvimento de um sistema de recupera{\c{c}}{\~a}o para um minifoguete},
  author={Miranda, Ma{\'\i}ra Fernanda Oliveira de},
  year={2021},
  publisher={Universidade Federal de Uberl{\^a}ndia}
}

@book{xavier08,
  title={L{\'o}gica de programa{\c{c}}{\~a}o},
  author={Xavier, Gley Fabiano Cardoso},
  year={2008},
  publisher={BOD GmbH DE}
}

@article{costaalgoritmos,
  title={Algoritmos e T{\'e}cnicas de Programa{\c{c}}{\~a}o},
  author={Costa, Roselene Henrique Pereira and Lima, Bruno Rodrigues and Fernandes, Antonio de Padua Lima and Gon{\c{c}}alves, Carla Maria Montanari and de Paula, Edmar Mendes and dos Santos Gon{\c{c}}alves, Giselle Aline and Rosa, Jo{\~a}o Paulo Resende and Alves, {\'I}talo Colins and de Oliveira, Raquel Kenya Ferreira Gon{\c{c}}alves and Costa, Rog{\'e}rio Gondim}
}

@book{zheng18-normalização,
  title={Feature engineering for machine learning: principles and techniques for data scientists},
  author={Zheng, Alice and Casari, Amanda},
  year={2018},
  publisher={" O'Reilly Media, Inc."}
}

@article{sousa2014introduccao,
  title={Introdu{\c{c}}{\~a}o a programa{\c{c}}{\~a}o},
  author={SOUSA, Bruno Jefferson de and J{\'U}NIOR, JJLD and FORMIGA, A de A},
  journal={Jo{\~a}o Pessoa: Editora da UFPB},
  year={2014}
}

@book{vasiliev2022python,
  title={Python for Data Science: A Hands-on Introduction},
  author={Vasiliev, Yuli},
  year={2022},
  publisher={No Starch Press}
}

@book{mckinney2018python,
  title={Python para an{\'a}lise de dados: Tratamento de dados com Pandas, NumPy e IPython},
  author={McKinney, Wes},
  year={2018},
  publisher={Novatec Editora}
}